<record><leader>00000cas a22000007a 4500</leader><controlfield tag="001">12558880</controlfield><controlfield tag="008">850916c19uu9999ksudn ne      0   a0eng d</controlfield><datafield ind1=" " ind2=" " tag="010"><subfield code="a">sn 85009321 </subfield></datafield><datafield ind1=" " ind2=" " tag="040"><subfield code="a">NSD</subfield><subfield code="b">eng</subfield><subfield code="c">NSD</subfield><subfield code="d">KSH</subfield><subfield code="d">OCLCQ</subfield></datafield><datafield ind1=" " ind2=" " tag="012"><subfield code="l">1</subfield></datafield><datafield ind1="1" ind2=" " tag="022"><subfield code="a">8756-6044</subfield><subfield code="l">8756-6044</subfield><subfield code="2">1</subfield></datafield><datafield ind1=" " ind2=" " tag="032"><subfield code="a">124480</subfield><subfield code="b">USPS</subfield></datafield><datafield ind1=" " ind2=" " tag="037"><subfield code="b">Columbus Daily Advocate, Columbus, Kan. 66725</subfield></datafield><datafield ind1=" " ind2=" " tag="042"><subfield code="a">nsdp</subfield></datafield><datafield ind1=" " ind2="0" tag="222"><subfield code="a">Columbus daily advocate</subfield></datafield><datafield ind1="0" ind2="0" tag="245"><subfield code="a">Columbus daily advocate.</subfield></datafield><datafield ind1="1" ind2="3" tag="246"><subfield code="a">Daily advocate</subfield></datafield><datafield ind1=" " ind2=" " tag="260"><subfield code="a">Columbus, Kan. :</subfield><subfield code="b">Columbus Pub. Co.</subfield></datafield><datafield ind1=" " ind2=" " tag="310"><subfield code="a">Daily (except Sat., Sun. &amp; holidays)</subfield></datafield><datafield ind1=" " ind2=" " tag="588"><subfield code="a">Description based on: Vol. 112, no. 9 (Jan. 14, 1985); title from caption.</subfield></datafield><datafield ind1=" " ind2=" " tag="752"><subfield code="a">United States</subfield><subfield code="b">Kansas</subfield><subfield code="c">Cherokee</subfield><subfield code="d">Columbus.</subfield></datafield><datafield ind1=" " ind2=" " tag="936"><subfield code="a">Jan. 14, 1985</subfield></datafield><datafield ind1="1" ind2=" " tag="029"><subfield code="a">AU@</subfield><subfield code="b">000025836109</subfield></datafield></record>